<?xml version="1.0" encoding="UTF-8"?><collection xmlns="http://www.loc.gov/MARC21/slim"><record><leader>00433nam--2200109-i-4500</leader><controlfield tag="001">000040942</controlfield><controlfield tag="002">20161230</controlfield><controlfield tag="005">20161230201042</controlfield><controlfield tag="008">060222s1000------------r-----000-0-eng-d</controlfield><datafield ind1=" " ind2=" " tag="245"><subfield code="a">Scientific conf.of young scientists of lithuanian ssr, researchers in ph.math.of cybernetics dedicated to fifty year date of the great october socialist revolution, 6-8 th decembre, 1967</subfield></datafield><datafield ind1=" " ind2=" " tag="260"><subfield code="a">Vilnius, The Acad.Of Sciences, 1967. 359 P</subfield></datafield><datafield ind1=" " ind2=" " tag="852"><subfield code="a">28038</subfield></datafield></record></collection>